@inproceedings{robot_localization_paper,
  author    = {T. Moore and D. Stouch},
  title     = {A Generalized Extended Kalman Filter Implementation for the Robot Operating System},
  year      = {2014},
  month     = {July},
  booktitle = {Proceedings of the 13th International Conference on Intelligent Autonomous Systems (IAS-13)},
  publisher = {Springer},
}

@MISC{quadEncoders,
   author = "Nich Fugal",
   title = "Efficiently Reading Quadrature With Interrupts",
   journal = "Makeatronics",
   type = "Blog",
   year = 2013,
   howpublished = {\url{https://web.archive.org/web/20140515005614/http://makeatronics.blogspot.com/2013/02/efficiently-reading-quadrature-with.html}},
}

@MISC{fig_ros_control,
	author = "Dave Coleman",
	title = "ros_control",
	year = "2013",
	note = "[Online: accessed April 10, 2017]",
	url = {\url{https://web.archive.org/web/20161019152656/http://wiki.ros.org/ros_control}},
}


